<record><leader>00000cas a22000007i 4500</leader><controlfield tag="001">951742468</controlfield><controlfield tag="006">m     o  d        </controlfield><controlfield tag="007">cr bn|---uuuuu</controlfield><controlfield tag="008">160615d19701974miuer neo     0   a0eng  </controlfield><datafield ind1=" " ind2=" " tag="010"><subfield code="a">  2017202506</subfield></datafield><datafield ind1=" " ind2=" " tag="040"><subfield code="a">MAC</subfield><subfield code="b">eng</subfield><subfield code="e">rda</subfield><subfield code="c">MAC</subfield><subfield code="d">VT2</subfield><subfield code="d">DLC</subfield></datafield><datafield ind1=" " ind2=" " tag="012"><subfield code="l">1</subfield></datafield><datafield ind1="0" ind2=" " tag="022"><subfield code="a">2574-3112</subfield><subfield code="2">1</subfield></datafield><datafield ind1=" " ind2=" " tag="042"><subfield code="a">pcc</subfield><subfield code="a">nsdp</subfield></datafield><datafield ind1="1" ind2="4" tag="050"><subfield code="a">AP2</subfield><subfield code="b">.J65</subfield></datafield><datafield ind1="1" ind2="0" tag="082"><subfield code="a">070</subfield><subfield code="2">23</subfield></datafield><datafield ind1=" " ind2="0" tag="222"><subfield code="a">Joint issue</subfield><subfield code="b">(Online)</subfield></datafield><datafield ind1="0" ind2="0" tag="245"><subfield code="a">Joint issue.</subfield></datafield><datafield ind1="3" ind2=" " tag="246"><subfield code="a">Joint issue red apple news</subfield><subfield code="f">Feb. 14/28, 1971</subfield></datafield><datafield ind1=" " ind2="1" tag="264"><subfield code="a">[East Lansing, Mich.] :</subfield><subfield code="b">[Publisher not identified]</subfield></datafield><datafield ind1=" " ind2=" " tag="300"><subfield code="a">online resource</subfield><subfield code="b">illustrations</subfield></datafield><datafield ind1=" " ind2=" " tag="310"><subfield code="a">Biweekly</subfield></datafield><datafield ind1=" " ind2=" " tag="336"><subfield code="a">text</subfield><subfield code="b">txt</subfield><subfield code="2">rdacontent</subfield></datafield><datafield ind1=" " ind2=" " tag="337"><subfield code="a">computer</subfield><subfield code="b">c</subfield><subfield code="2">rdamedia</subfield></datafield><datafield ind1=" " ind2=" " tag="338"><subfield code="a">online resource</subfield><subfield code="b">cr</subfield><subfield code="2">rdacarrier</subfield></datafield><datafield ind1="0" ind2=" " tag="362"><subfield code="a">Began in 1970: Ceased with: Vol. 5, no. 5 (May 20, 1974).</subfield></datafield><datafield ind1=" " ind2=" " tag="530"><subfield code="a">Available on microfilm from UMI (Underground Press Collection).</subfield></datafield><datafield ind1=" " ind2=" " tag="580"><subfield code="a">Formed by the union of: Generation East Lansing, and Bogue Street bridge.</subfield></datafield><datafield ind1=" " ind2=" " tag="588"><subfield code="a">Description based on: Vol. 1, no. 4 (Oct. 19-26, [1970]); title from PDF caption (Independent Voices website, viewed on August 19, 2017).</subfield></datafield><datafield ind1=" " ind2=" " tag="588"><subfield code="a">Latest issue consulted: Vol. 5, no. 5 (May 20, 1974) (viewed on August 19, 2017).</subfield></datafield><datafield ind1=" " ind2="0" tag="650"><subfield code="a">Underground press publications</subfield><subfield code="z">Michigan</subfield><subfield code="z">East Lansing.</subfield></datafield><datafield ind1=" " ind2="0" tag="651"><subfield code="a">East Lansing (Mich.)</subfield><subfield code="v">Newspapers.</subfield></datafield><datafield ind1=" " ind2="0" tag="651"><subfield code="a">Ingham County (Mich.)</subfield><subfield code="v">Newspapers.</subfield></datafield><datafield ind1=" " ind2="7" tag="650"><subfield code="a">Underground press publications.</subfield><subfield code="2">fast</subfield><subfield code="0">(OCoLC)fst01160984</subfield></datafield><datafield ind1=" " ind2="7" tag="651"><subfield code="a">Michigan</subfield><subfield code="z">East Lansing.</subfield><subfield code="2">fast</subfield><subfield code="0">(OCoLC)fst01206858</subfield></datafield><datafield ind1=" " ind2="7" tag="651"><subfield code="a">Michigan</subfield><subfield code="z">Ingham County.</subfield><subfield code="2">fast</subfield><subfield code="0">(OCoLC)fst01209050</subfield></datafield><datafield ind1=" " ind2="7" tag="655"><subfield code="a">Newspapers.</subfield><subfield code="2">fast</subfield><subfield code="0">(OCoLC)fst01423814</subfield></datafield><datafield ind1=" " ind2=" " tag="752"><subfield code="a">United States</subfield><subfield code="b">Michigan</subfield><subfield code="c">Ingham</subfield><subfield code="d">East Lansing.</subfield></datafield><datafield ind1="0" ind2="8" tag="776"><subfield code="i">Print version:</subfield><subfield code="t">Joint issue</subfield><subfield code="x">2574-3104</subfield><subfield code="w">(DLC)sn 95023327</subfield><subfield code="w">(OCoLC)2178981</subfield></datafield><datafield ind1="1" ind2="4" tag="780"><subfield code="t">Generation East Lansing</subfield><subfield code="x">2573-9395</subfield><subfield code="w">(DLC)  2017201942</subfield><subfield code="w">(OCoLC)951676722</subfield></datafield><datafield ind1="1" ind2="4" tag="780"><subfield code="t">Bogue Street bridge</subfield><subfield code="x">2574-3139</subfield><subfield code="w">(DLC)  2017202505</subfield><subfield code="w">(OCoLC)951275867</subfield></datafield><datafield ind1="0" ind2="5" tag="780"><subfield code="t">Red apple news</subfield><subfield code="x">2470-3621</subfield><subfield code="w">(DLC)  2016200981</subfield><subfield code="w">(OCoLC)934657790</subfield></datafield><datafield ind1="0" ind2="0" tag="785"><subfield code="t">Lansing star weekly</subfield><subfield code="x">2574-3155</subfield><subfield code="w">(DLC)  2017202504</subfield><subfield code="w">(OCoLC)1001364912</subfield></datafield><datafield ind1="4" ind2="0" tag="856"><subfield code="u">http://voices.revealdigital.com/cgi-bin/independentvoices?a=cl&amp;cl=CL1&amp;sp=CBHIJIB&amp;ai=1</subfield></datafield><datafield ind1="4" ind2="0" tag="856"><subfield code="u">http://voices.revealdigital.com/cgi-bin/independentvoices?a=cl&amp;cl=CL1&amp;ai=1&amp;sp=CBHIJIB</subfield><subfield code="z">1970 to 1974</subfield></datafield></record>